
@book{fujita:macrosaho,
    author    = "藤田 眞作",
    title     = "{\LaTeXe}マクロ作法",
    publisher = "ピアソン桐原",
    isbn      = "4-8640-1010-2",
    year      = 2010,
}
